<?xml version="1.0" encoding="UTF-8"?><collection xmlns="http://www.loc.gov/MARC21/slim"><record><leader>00538nam--2200181-i-4500</leader><controlfield tag="001">000045778</controlfield><controlfield tag="002">20161230</controlfield><controlfield tag="005">20161230201045</controlfield><controlfield tag="008">060222s1000------------r-----000-0-eng-d</controlfield><datafield ind1=" " ind2=" " tag="040"><subfield code="a">IFIN-HH</subfield></datafield><datafield ind1=" " ind2=" " tag="080"><subfield code="a">537.534.35</subfield></datafield><datafield ind1="1" ind2=" " tag="100"><subfield code="a">Muller, Erwin W</subfield></datafield><datafield ind1="1" ind2="0" tag="245"><subfield code="a">Field ion microscopy</subfield><subfield code="b">Principles and applications</subfield><subfield code="c">Erwin w. muller, tien tzou tsong</subfield></datafield><datafield ind1=" " ind2=" " tag="260"><subfield code="a">New York</subfield><subfield code="b">American Elsevier Publishing Company, Inc</subfield><subfield code="c">1969</subfield></datafield><datafield ind1=" " ind2=" " tag="300"><subfield code="a">IX + 314 P</subfield></datafield><datafield ind1="1" ind2=" " tag="700"><subfield code="a">Tsong, Tien Tzou</subfield></datafield><datafield ind1=" " ind2=" " tag="852"><subfield code="a">33202</subfield><subfield code="c">537.533.35</subfield></datafield><datafield ind1=" " ind2=" " tag="CAT"><subfield code="a">Sys</subfield><subfield code="c">20110905</subfield><subfield code="h">133902</subfield></datafield></record></collection>